@misc{bibCotrim2020desigualdade,
  title={Desigualdade de g{\^e}nero no mercado de trabalho formal no Brasil},
  author={Cotrim, Luisa Rabioglio and Teixeira, Marilane Oliveira and Proni, Marcelo Weishaupt},
  year={2020},
  publisher={Campinas: Unicamp. IE}
}
@article{bibHaussmann2018desigualdades,
  title={Desigualdades de g{\^e}nero no mercado de trabalho brasileiro: uma an{\'a}lise na {\'a}rea de ci{\^e}ncias sociais aplicadas},
  author={Haussmann, Darcl{\^e} Costa Silva and Vogt, Mara and Hein, Nelson and da Silva, Marcia Zanievicz},
  journal={Enfoque: Reflex{\~a}o Cont{\'a}bil},
  volume={37},
  number={3},
  pages={129--148},
  year={2018}
}

